@misc{li2018literature,
  title={A literature review of neural style transfer},
  author={Li, Haochen},
  year={2018},
  publisher={Princeton University Technical report, Princeton NJ, 085442019}
}

@online{youtube,
        title = {Basic Theory - Neural Style Transfer (2)},
        date = {2020},
        organization = {Youtube},
        author = {The AI Epiphany},
        url = {https://www.youtube.com/watch?v=B22nIUhXo4E},
}

@article{o2015introduction,
  title={An introduction to convolutional neural networks},
  author={O'Shea, Keiron and Nash, Ryan},
  journal={arXiv preprint arXiv:1511.08458},
  year={2015}
}
